<?xml version="1.0" encoding="UTF-8"?>
<collection xmlns:xsi="http://www.w3.org/2001/XMLSchema-instance" xsi:schemaLocation="http://www.loc.gov/MARC21/slim http://www.loc.gov/standards/marcxml/schema/MARC21slim.xsd" xmlns="http://www.loc.gov/MARC21/slim">
<record>
  <leader>00950cam a2200253   4500</leader>
  <controlfield tag="001">2979611</controlfield>
  <controlfield tag="003">NNC</controlfield>
  <controlfield tag="005">20150817132338.0</controlfield>
  <controlfield tag="008">900529s1968    iq a     b    000 0 arar </controlfield>
  <datafield tag="010" ind1=" " ind2=" ">
    <subfield code="a">   71218386 </subfield>
  </datafield>
  <datafield tag="035" ind1=" " ind2=" ">
    <subfield code="a">(OCoLC)ocm21614836</subfield>
  </datafield>
  <datafield tag="035" ind1=" " ind2=" ">
    <subfield code="9">ASM6681CU</subfield>
  </datafield>
  <datafield tag="035" ind1=" " ind2=" ">
    <subfield code="a">(NNC)2979611</subfield>
  </datafield>
  <datafield tag="040" ind1=" " ind2=" ">
    <subfield code="a">DLC</subfield>
    <subfield code="c">WAU</subfield>
    <subfield code="d">ZCU</subfield>
  </datafield>
  <datafield tag="050" ind1="0" ind2=" ">
    <subfield code="a">PJ6171</subfield>
    <subfield code="b">.R3</subfield>
  </datafield>
  <datafield tag="100" ind1="1" ind2=" ">
    <subfield code="a">Rāḍī, ʻAbd al-Ḥamīd.</subfield>
  </datafield>
  <datafield tag="245" ind1="1" ind2="0">
    <subfield code="a">Sharḥ tuḥfat al-khalīl fī al-ʻarūḍ wa-al-qāfiyah,</subfield>
    <subfield code="c">taʾlīf ʻAbd al-Ḥamīd Rāḍī.</subfield>
  </datafield>
  <datafield tag="260" ind1=" " ind2=" ">
    <subfield code="a">Bagdad,</subfield>
    <subfield code="b">Maṭbaʻat al-ʻĀnī,</subfield>
    <subfield code="c">1968.</subfield>
  </datafield>
  <datafield tag="300" ind1=" " ind2=" ">
    <subfield code="a">422 p.</subfield>
    <subfield code="b">ill.</subfield>
    <subfield code="c">25 cm.</subfield>
  </datafield>
  <datafield tag="504" ind1=" " ind2=" ">
    <subfield code="a">Bibliography: p. 415-418.</subfield>
  </datafield>
  <datafield tag="500" ind1=" " ind2=" ">
    <subfield code="a">Cover title: Sharh Tuhfat al-khalil fi al-arud wa al-qafiya, by Abd al-Hamid al-Radi.</subfield>
  </datafield>
  <datafield tag="650" ind1=" " ind2="0">
    <subfield code="a">Arabic language</subfield>
    <subfield code="x">Versification.</subfield>
  </datafield>
  <datafield tag="700" ind1="1" ind2=" ">
    <subfield code="a">Kayshawān, Muḥammad Ḥusayn ibn Kāẓim,</subfield>
    <subfield code="d">1878-1937 or 1938.</subfield>
    <subfield code="t">Tuḥfat al-khalīl fī al-ʻarūḍ wa-al-qāfiyah.</subfield>
  </datafield>
  <datafield tag="955" ind1=" " ind2=" ">
    <subfield code="b">0036760048</subfield>
    <subfield code="d">glx</subfield>
    <subfield code="e">PJ6171 .R3</subfield>
  </datafield>
</record>
</collection>